@article{Najbauer2024Uncovering,
  author = {Eszter Éva Najbauer},
  title = {Uncovering the secrets of SiC epilayers},
  journal = {Compound Semiconductor Magazine},
  volume = {2024},
  number = {4},
  year = {2024},
  note = {From Semilab},
  url = {https://compoundsemiconductor.net/article/119394/Uncovering_the_secrets_of_SiC_epilayers},
  note = {Accessed September 2025}
}

@book{卓金武2011MATLAB,
  author={卓金武},
  title={MATLAB在数学建模中的应用},
  address={北京},
  publisher={北京航空航天大学出版社},
  year={2011},
}